<record><leader>00000cas a22000007a 4500</leader><controlfield tag="001">12401705</controlfield><controlfield tag="008">850820d18741904pauwr ne      0    0eng d</controlfield><datafield ind1=" " ind2=" " tag="010"><subfield code="a">sn 85038436 </subfield></datafield><datafield ind1=" " ind2=" " tag="040"><subfield code="a">NPY</subfield><subfield code="b">eng</subfield><subfield code="c">NPY</subfield><subfield code="d">NPX</subfield><subfield code="d">NPH</subfield><subfield code="d">MGN</subfield><subfield code="d">OCLCQ</subfield></datafield><datafield ind1=" " ind2=" " tag="042"><subfield code="a">msc</subfield></datafield><datafield ind1="0" ind2="0" tag="245"><subfield code="a">Perkiomen Valley press.</subfield></datafield><datafield ind1="3" ind2="0" tag="246"><subfield code="a">Valley press</subfield></datafield><datafield ind1=" " ind2=" " tag="260"><subfield code="a">Pennsburg, Pa. :</subfield><subfield code="b">A. Kneule,</subfield><subfield code="c">1874-</subfield></datafield><datafield ind1=" " ind2=" " tag="300"><subfield code="a">v. ;</subfield><subfield code="c">72 cm.</subfield></datafield><datafield ind1=" " ind2=" " tag="310"><subfield code="a">Weekly</subfield></datafield><datafield ind1="0" ind2=" " tag="362"><subfield code="a">Vol. 1, no. 1 (Jan. 10, 1874)-</subfield></datafield><datafield ind1="1" ind2=" " tag="362"><subfield code="a">Ceased in 1904?</subfield></datafield><datafield ind1=" " ind2=" " tag="500"><subfield code="a">"Perkiomen" appears within title ornament, &lt;1880&gt;.</subfield></datafield><datafield ind1=" " ind2=" " tag="500"><subfield code="a">Published from the same office: Bauern Freund und Pennsburg Demokrat.</subfield></datafield><datafield ind1=" " ind2=" " tag="500"><subfield code="a">Publishers: Albrecht Kneule, &lt;1874-1876&gt;; Edwin K. Kneule, &lt;1880&gt;.</subfield></datafield><datafield ind1=" " ind2=" " tag="500"><subfield code="a">Democratic, &lt;1876&gt;.</subfield></datafield><datafield ind1=" " ind2=" " tag="500"><subfield code="a">Editor: Albrecht Kneule, &lt;1876&gt;.</subfield></datafield><datafield ind1=" " ind2=" " tag="752"><subfield code="a">United States</subfield><subfield code="b">Pennsylvania</subfield><subfield code="c">Montgomery</subfield><subfield code="d">Pennsburg.</subfield></datafield></record>